%% This BibTeX bibliography file was created using BibDesk.
%% http://bibdesk.sourceforge.net/


%% Created for Till J. Ernst at 2016-05-08 19:22:53 +0200 


%% Saved with string encoding Unicode (UTF-8) 



@article{Bachmann:2008,
	Abstract = {Zusammenfassung: Fragestellung: In den letzten Jahren hat die Forschung zur Wirksamkeit von Therapien bei psychisch gest{\"o}rten Kindern und Jugendlichen erfreulicherweise einen starken Aufschwung genommen. Mittlerweile liegen sehr viele Reviews und Metaanalysen zu den Forschungsergebnissen vor, so dass es schwer ist, einen {\"U}berblick {\"u}ber den aktuellen Forschungsstand zu gewinnen. Ziel der vorliegenden Arbeit war es, die vorliegenden Reviews und Metaanalysen in systematischer Weise auszuwerten, um den aktuellen Ergebnisstand der Therapie-Wirksamkeitsforschung bei den vier h{\"a}ufigsten psychischen St{\"o}rungen von Kindern und Jugendlichen (Angstst{\"o}rungen, depressive St{\"o}rungen, ADHS, St{\"o}rungen des Sozialverhaltens) zusammenfassend zu charakterisieren. Methodik: Grundlage der vorliegenden Arbeit war eine systematische Literaturrecherche; in die Auswertung wurden 112 Metaanalysen bzw. Reviews zur Wirksamkeit psychotherapeutischer und psychiatrischer Behandlungsans{\"a}tze im Kindes- und Jugendalter eingeschlossen, die zwischen dem Jahr 2000 und 2007 publiziert wurden. Die Auswertung der 112 {\"U}bersichtsarbeiten wurde anhand von explizit definierten Kriterien durchgef{\"u}hrt. Die Ergebnisdarstellung orientiert sich schwerpunktm{\"a}{\ss}ig an der Unterteilung in internalisierende und externalisierende St{\"o}rungen. In Teil I werden die Ergebnisse zu Angstst{\"o}rungen und depressiven St{\"o}rungen dargestellt. Ergebnisse: Bezogen auf den Publikationszeitraum von 2000 bis 2007 liegen die meisten Reviews und Metaanalysen f{\"u}r ADHS und depressive St{\"o}rungen vor. F{\"u}r drei der vier untersuchten St{\"o}rungsbilder wird Psychotherapie als die wirksamste Methode beschrieben, nur bei ADHS ist pharmakologische Behandlung (Stimulantien) effektiver. Die Kombination von psychologischern und pharmakologischer Behandlung ist eine wichtige Option bei ADHS und depressiven St{\"o}rungen. In Bezug auf die Wirksamkeit verschiedener Behandlungen finden sich f{\"u}r Angstst{\"o}rungen und ADHS die h{\"o}chsten Effektst{\"a}rken, die Effektivit{\"a}t in der Behandlung depressiver St{\"o}rungen und St{\"o}rungen des Sozialverhaltens ist geringer. F{\"u}r alle vier St{\"o}rungsbilder sowie st{\"o}rungs{\"u}bergreifend sind eine Reihe von inhaltlichen und methodologischen Forschungsdefiziten zu konstatieren. Diskussion: F{\"u}r alle beschriebenen St{\"o}rungsgruppen k{\"o}nnen empirisch gut fundierte Empfehlungen f{\"u}r die Therapie abgeleitet werden. Es ist au{\ss}erdem erkennbar, welche Forschungsfragen f{\"u}r die Zukunft von vorrangiger Bedeutung sind.},
	Annote = {doi: 10.1024/1422-4917.36.5.321},
	Author = {Bachmann, Mareile and Bachmann, Christian and Rief, Winfried and Mattejat, Fritz},
	Booktitle = {Zeitschrift f{\"u}r Kinder- und Jugendpsychiatrie und Psychotherapie},
	Da = {2008/01/01},
	Date = {2008/01/01},
	Date-Added = {2016-05-08 09:31:33 +0000},
	Date-Modified = {2016-05-08 09:31:39 +0000},
	Doi = {10.1024/1422-4917.36.5.321},
	Isbn = {1422-4917},
	Journal = {Zeitschrift f{\"u}r Kinder- und Jugendpsychiatrie und Psychotherapie},
	Journal1 = {Zeitschrift f{\"u}r Kinder- und Jugendpsychiatrie und Psychotherapie},
	M3 = {doi: 10.1024/1422-4917.36.5.321},
	Month = {2016/05/08},
	N2 = {Zusammenfassung: Fragestellung: In den letzten Jahren hat die Forschung zur Wirksamkeit von Therapien bei psychisch gest{\"o}rten Kindern und Jugendlichen erfreulicherweise einen starken Aufschwung genommen. Mittlerweile liegen sehr viele Reviews und Metaanalysen zu den Forschungsergebnissen vor, so dass es schwer ist, einen {\"U}berblick {\"u}ber den aktuellen Forschungsstand zu gewinnen. Ziel der vorliegenden Arbeit war es, die vorliegenden Reviews und Metaanalysen in systematischer Weise auszuwerten, um den aktuellen Ergebnisstand der Therapie-Wirksamkeitsforschung bei den vier h{\"a}ufigsten psychischen St{\"o}rungen von Kindern und Jugendlichen (Angstst{\"o}rungen, depressive St{\"o}rungen, ADHS, St{\"o}rungen des Sozialverhaltens) zusammenfassend zu charakterisieren. Methodik: Grundlage der vorliegenden Arbeit war eine systematische Literaturrecherche; in die Auswertung wurden 112 Metaanalysen bzw. Reviews zur Wirksamkeit psychotherapeutischer und psychiatrischer Behandlungsans{\"a}tze im Kindes- und Jugendalter eingeschlossen, die zwischen dem Jahr 2000 und 2007 publiziert wurden. Die Auswertung der 112 {\"U}bersichtsarbeiten wurde anhand von explizit definierten Kriterien durchgef{\"u}hrt. Die Ergebnisdarstellung orientiert sich schwerpunktm{\"a}{\ss}ig an der Unterteilung in internalisierende und externalisierende St{\"o}rungen. In Teil I werden die Ergebnisse zu Angstst{\"o}rungen und depressiven St{\"o}rungen dargestellt. Ergebnisse: Bezogen auf den Publikationszeitraum von 2000 bis 2007 liegen die meisten Reviews und Metaanalysen f{\"u}r ADHS und depressive St{\"o}rungen vor. F{\"u}r drei der vier untersuchten St{\"o}rungsbilder wird Psychotherapie als die wirksamste Methode beschrieben, nur bei ADHS ist pharmakologische Behandlung (Stimulantien) effektiver. Die Kombination von psychologischern und pharmakologischer Behandlung ist eine wichtige Option bei ADHS und depressiven St{\"o}rungen. In Bezug auf die Wirksamkeit verschiedener Behandlungen finden sich f{\"u}r Angstst{\"o}rungen und ADHS die h{\"o}chsten Effektst{\"a}rken, die Effektivit{\"a}t in der Behandlung depressiver St{\"o}rungen und St{\"o}rungen des Sozialverhaltens ist geringer. F{\"u}r alle vier St{\"o}rungsbilder sowie st{\"o}rungs{\"u}bergreifend sind eine Reihe von inhaltlichen und methodologischen Forschungsdefiziten zu konstatieren. Diskussion: F{\"u}r alle beschriebenen St{\"o}rungsgruppen k{\"o}nnen empirisch gut fundierte Empfehlungen f{\"u}r die Therapie abgeleitet werden. Es ist au{\ss}erdem erkennbar, welche Forschungsfragen f{\"u}r die Zukunft von vorrangiger Bedeutung sind.},
	Number = {5},
	Pages = {321--333},
	Publisher = {Hogrefe AG},
	Title = {Wirksamkeit psychiatrischer und psychotherapeutischer Behandlungen bei psychischen St{\"o}rungen von Kindern und Jugendlichen},
	Ty = {JOUR},
	Url = {http://dx.doi.org/10.1024/1422-4917.36.5.321},
	Volume = {36},
	Year = {2008},
	Year1 = {2008},
	Bdsk-Url-1 = {http://dx.doi.org/10.1024/1422-4917.36.5.321}}

@article{Beesdo:2007,
	Annote = {10.1001/archpsyc.64.8.903},
	Author = {Beesdo K and Bittner A and Pine DS and et al},
	Date = {2007/08/01},
	Date-Added = {2016-05-08 09:27:39 +0000},
	Date-Modified = {2016-05-08 09:27:56 +0000},
	Isbn = {0003-990X},
	Journal = {Archives of General Psychiatry},
	M3 = {doi: 10.1001/archpsyc.64.8.903},
	Month = {08},
	N2 = {Context Epidemiological findings demonstrating an increased risk for individuals with social anxiety disorder (SAD) to develop depression have been challenged by discrepant findings from prospective longitudinal examinations in childhood and early adolescence.Objectives To examine patterns of SAD incidence, the consistency of associations of SAD with subsequent depression, and distal and proximal predictors for subsequent depression.Design Face-to-face, 10-year prospective longitudinal and family study of up to 4 waves. The DSM-IV Munich--Composite International Diagnostic Interview was administered by clinically trained interviewers.Setting Community sample in Munich.Participants Three thousand twenty-one individuals aged 14 to 24 years at baseline and 21 to 34 years at follow-up.Main Outcome Measures Cumulative incidence of SAD and depression (major depressive episode or dysthymia).Results Cumulative incidence for SAD was 11.0%; for depression, 27.0%. Standardized person-years of incidence for SAD were highest for those aged 10 to 19 years (0.72%) and were low before (0.20%) and after (0.19%) that age range. Depression incidence was different, characterized by delayed and continued high rates. Social anxiety disorder was consistently associated with subsequent depression, independent of age at onset for SAD (relative risk range, 1.49-1.85, controlling for age and sex). Crude Cox regressions showed significant distal (eg, parental anxiety or depression, behavioral inhibition) and proximal SAD characteristics (eg, severity measures, persistence) as predictors. Most associations were attenuated in multiple models, leaving behavioral inhibition (hazard ratio, 1.30 [95% confidence interval, 1.04-1.62; P = .02]) and, less consistently, panic (hazard ratio, 1.85 [95% confidence interval, 1.08-3.18; P = .03]) as the remaining significant predictors.Conclusions Social anxiety disorder is an early, adolescent-onset disorder related to a substantially and consistently increased risk for subsequent depression. The demonstration of proximal and particularly distal predictors for increased depression risks requires further exploration to identify their moderator or mediator role. Along with previous evidence that comorbid SAD is associated with a more malignant course and character of depression, these results call for targeted prevention with the aim of reducing the burden of SAD and its consequences.},
	Number = {8},
	Pages = {903--912},
	Title = {Incidence of social anxiety disorder and the consistent risk for secondary depression in the first three decades of life},
	Ty = {JOUR},
	Url = {http://dx.doi.org/10.1001/archpsyc.64.8.903},
	Volume = {64},
	Year = {2007},
	Bdsk-Url-1 = {http://dx.doi.org/10.1001/archpsyc.64.8.903}}

@article{HelbigLang:2009,
	Abstract = { Seit dem DSM-IV gelten f{\"u}r das Kindes- und Jugendalter weitestgehend die gleichen diagnostischen Kriterien f{\"u}r Angstst{\"o}rungen wie f{\"u}r Erwachsene. Das Vorkommen der Panikst{\"o}rung im Kindesalter ist jedoch umstritten. Im vorliegenden Beitrag werden epidemiologische, klinisch-psychologische sowie experimentelle Untersuchungen zur Panikst{\"o}rung im Kindesalter kritisch diskutiert. Die untersuchten Studien zeigen, dass bereits pr{\"a}pubert{\"a}re Kinder Panikattacken erleben, die ph{\"a}nomenologisch vergleichbar mit denen des Erwachsenenalters sind. Diagnostisch sind diese Panikattacken jedoch nicht unter das Label der Panikst{\"o}rung einzuordnen, da die f{\"u}r die Diagnose der Panikst{\"o}rung erforderlichen katastrophisierenden Bewertungen der Attacken fehlen. Panikattacken in Kindheit und Jugend stellen dabei unspezifische Marker einer erh{\"o}hten Vulnerabilit{\"a}t f{\"u}r folgende psychopathologische Auff{\"a}lligkeiten dar. },
	Author = {Sylvia Helbig-Lang and Franz Petermann},
	Date-Added = {2016-05-08 09:23:51 +0000},
	Date-Modified = {2016-05-08 09:24:07 +0000},
	Doi = {10.1026/0942-5403.18.2.122},
	Eprint = {http://dx.doi.org/10.1026/0942-5403.18.2.122},
	Journal = {Kindheit und Entwicklung},
	Number = {2},
	Pages = {122-129},
	Title = {Gibt es die Panikst{\"o}rung im Kindes- und Jugendalter?},
	Url = {http://dx.doi.org/10.1026/0942-5403.18.2.122},
	Volume = {18},
	Year = {2009},
	Bdsk-Url-1 = {http://dx.doi.org/10.1026/0942-5403.18.2.122}}

@article{Moller:2011,
	Abstract = {<i>Hintergrund:</i> Mit kognitiv-verhaltenstherapeutischen Interventionsprogrammen k{\"o}nnen {\"a}ngstliche Kinder und Jugendliche erfolgreich behandelt werden. Das kognitivverhaltenstherapeutische «Training mit sozial unsicheren Kindern»zielt darauf ab, soziale Angst zu reduzieren und soziale Fertigkeiten zu vermitteln. Mit der vorliegenden Pilotstudie wurde die kurz- und langfristige Wirksamkeit dieses Trainings {\"u}berpr{\"u}ft. <i>Patienten und Methoden:</i> 19 sozial {\"a}ngstliche Kinder (10 M{\"a}dchen, 9 Jungen) im Alter von 7 bis 12 Jahren wurden einer Interventionsgruppe (n = 10) und einer Wartekontrollgruppe (n = 9) zugewiesen. Die Wirksamkeit des Trainings wurde mit einem Pr{\"a}-Post-Follow-up-(Warte-)Kontrollgruppendesign {\"u}berpr{\"u}ft; die Datenerhebungen erfolgten direkt vor, unmittelbar nach und 6 Monate nach dem Training. Neben Angaben der Eltern (Fremdeinsch{\"a}tzung) wurden auch Ausk{\"u}nfte der Kinder (Selbsteinsch{\"a}tzung) herangezogen. <i>Ergebnisse:</i> Im Vergleich zur unbehandelten Wartekontrollgruppe f{\"u}hrte die Teilnahme am Training in der Interventionsgruppe zu geringeren Werten sowohl in der {\"a}ngstlichen als auch in der depressiven Symptomatik. Die erzielten, vorwiegend starken Effekte blieben innerhalb der Interventionsgruppe {\"u}ber einen Zeitraum von 6 Monaten stabil. <i>Diskussion:</i> Die vorliegende Pilotstudie liefert deutliche Hinweise darauf, dass das Training kurz- und langfristig wirksam ist.},
	Author = {M{\"o}ller, C. and Petermann, U.},
	Date-Added = {2016-05-08 08:40:30 +0000},
	Date-Modified = {2016-05-08 08:40:57 +0000},
	Isbn = {1016-6262},
	Journal = {Verhaltenstherapie},
	Journal1 = {Verhaltenstherapie},
	Number = {1},
	Pages = {15--22},
	Title = {Kurz- und langfristige Effekte des Trainings mit sozial unsicheren Kindern},
	Ty = {JOUR},
	Url = {http://www.karger.com/DOI/10.1159/000324299},
	Volume = {21},
	Year = {2011},
	Bdsk-Url-1 = {http://www.karger.com/DOI/10.1159/000324299}}

@article{Kessler:2012,
	Abstract = {Estimates of 12-month and lifetime prevalence and of lifetime morbid risk (LMR) of the Diagnostic and Statistical Manual of Mental Disorders, Fourth Edition, Text Revision (DSM-IV-TR) anxiety and mood disorders are presented based on US epidemiological surveys among people aged 13+. The presentation is designed for use in the upcoming DSM-5 manual to provide more coherent estimates than would otherwise be available. Prevalence estimates are presented for the age groups proposed by DSM-5 workgroups as the most useful to consider for policy planning purposes. The LMR/12-month prevalence estimates ranked by frequency are as follows: major depressive episode: 29.9%/8.6%; specific phobia: 18.4/12.1%; social phobia: 13.0/7.4%; post-traumatic stress disorder: 10.1/3.7%; generalized anxiety disorder: 9.0/2.0%; separation anxiety disorder: 8.7/1.2%; panic disorder: 6.8%/2.4%; bipolar disorder: 4.1/1.8%; agoraphobia: 3.7/1.7%; obsessive-compulsive disorder: 2.7/1.2. Four broad patterns of results are most noteworthy: first, that the most common (lifetime prevalence/morbid risk) lifetime anxiety-mood disorders in the United States are major depression (16.6/29.9%), specific phobia (15.6/18.4%), and social phobia (10.7/13.0%) and the least common are agoraphobia (2.5/3.7%) and obsessive-compulsive disorder (2.3/2.7%); second, that the anxiety-mood disorders with the earlier median ages-of-onset are phobias and separation anxiety disorder (ages 15--17) and those with the latest are panic disorder, major depression, and generalized anxiety disorder (ages 23--30); third, that LMR is considerably higher than lifetime prevalence for most anxiety-mood disorders, although the magnitude of this difference is much higher for disorders with later than earlier ages-of-onset; and fourth, that the ratio of 12-month to lifetime prevalence, roughly characterizing persistence, varies meaningfully in ways consistent with independent evidence about differential persistence of these disorders. Copyright {\copyright} 2012 John Wiley & Sons, Ltd.},
	Author = {Kessler, Ronald C. and Petukhova, Maria and Sampson, Nancy A. and Zaslavsky, Alan M and Wittchen, Hans-Ullrich},
	Date-Added = {2016-05-08 07:04:23 +0000},
	Date-Modified = {2016-05-08 07:04:34 +0000},
	Doi = {10.1002/mpr.1359},
	Issn = {1557-0657},
	Journal = {International Journal of Methods in Psychiatric Research},
	Keywords = {anxiety disorders, mood disorders, lifetime morbid risk, prevalence, epidemiology},
	Number = {3},
	Pages = {169--184},
	Title = {Twelve-month and lifetime prevalence and lifetime morbid risk of anxiety and mood disorders in the United States},
	Url = {http://dx.doi.org/10.1002/mpr.1359},
	Volume = {21},
	Year = {2012},
	Bdsk-Url-1 = {http://dx.doi.org/10.1002/mpr.1359}}

@article{VanRoy:2009,
	Abstract = {Social anxiety has been frequently studied in both population- and clinical-based adult and adolescent samples. Corresponding research in children is scarce and is dominated by clinical studies. The aim of the present population-based study was to examine the prevalence of significant social anxiety (SSA) in preadolescent children and compare their characteristics with those of children without SSA. The spectrum of social anxiety is explored by comparing children with different levels of social anxiety, as defined by 1--2 versus 3--5 social situations feared.},
	Author = {Van Roy, Betty and Kristensen, Hanne and Groholt, Berit and Clench-Aas, Jocelyne},
	Date-Added = {2016-05-08 07:01:39 +0000},
	Date-Modified = {2016-05-08 07:01:48 +0000},
	Doi = {10.1007/s00127-008-0445-7},
	Issn = {1433-9285},
	Journal = {Social Psychiatry and Psychiatric Epidemiology},
	Number = {5},
	Pages = {407--415},
	Title = {Prevalence and characteristics of significant social anxiety in children aged 8--13 years},
	Url = {http://dx.doi.org/10.1007/s00127-008-0445-7},
	Volume = {44},
	Year = {2009},
	Bdsk-Url-1 = {http://dx.doi.org/10.1007/s00127-008-0445-7}}

@article{GrenLandell:2011,
	Abstract = {Despite high prevalence rates of social anxiety disorder (SAD) and high rates of victimization in adolescents, studies on the relationship between these phenomena are missing. In the present study we report associations between \{SAD\} and multiple victimization experiences in a community sample of adolescents. A cross-sectional study was conducted on 3211 Swedish high-school students. The prevalence rate of self-reported \{SAD\} was 10.6% (n = 340). Significantly higher rates of lifetime victimization was found in subjects with self-reported \{SAD\} compared to non-cases, on the total score on the Juvenile Victimization Questionnaire, and on the subscales maltreatment, sexual victimization and victimization from peer/siblings. Different results emerged due to gender. In females, maltreatment and peer/sibling victimization was associated with an increased risk of \{SAD\} and, in males peer/sibling victimization increased the risk of reporting SAD. Further studies are needed to elaborate developmental models on \{SAD\} and to add to modification of prevention- and treatment interventions. },
	Author = {Malin Gren-Landell and Nikolas Aho and Gerhard Andersson and Carl G{\"o}ran Svedin},
	Date-Added = {2016-05-08 06:57:45 +0000},
	Date-Modified = {2016-05-08 06:57:52 +0000},
	Doi = {http://dx.doi.org/10.1016/j.adolescence.2010.03.007},
	Issn = {0140-1971},
	Journal = {Journal of Adolescence},
	Keywords = {Gender},
	Number = {3},
	Pages = {569 - 577},
	Title = {Social anxiety disorder and victimization in a community sample of adolescents},
	Url = {http://www.sciencedirect.com/science/article/pii/S0140197110000461},
	Volume = {34},
	Year = {2011},
	Bdsk-Url-1 = {http://www.sciencedirect.com/science/article/pii/S0140197110000461},
	Bdsk-Url-2 = {http://dx.doi.org/10.1016/j.adolescence.2010.03.007}}

@book{Petermann:2013,
	Address = {G{\"o}ttingen},
	Author = {Petermann, Franz},
	Date-Added = {2016-05-08 06:49:23 +0000},
	Date-Modified = {2016-05-08 06:54:50 +0000},
	Edition = {7., ¸berarbeitete und erweiterte Auflage},
	Id = {ebi01{\_}prod009750178},
	Isbn = {978-3-8017-2447-4},
	Keywords = {Kinderpsychiatrie; Klinische Psychologie; Psychologische Diagnostik; Retardation; Psychische St{\"o}rung; Entwicklungsst{\"o}rung; Verhaltensst{\"o}rung; Funktionelle St{\"o}rung; Psychotherapie; Lehrbuch; Psychologie},
	Pages = {903 S.},
	Publisher = {G{\"o}ttingen : Hogrefe},
	Title = {Lehrbuch der Klinischen Kinderpsychologie},
	Ty = {BOOK},
	Year = {2013}}

@article{Karevold:2012,
	Abstract = {This longitudinal, population-based and prospective study investigated the stability, age-related changes, and socio-emotional outcomes of shyness from infancy to early adolescence. A sample of 921 children was followed from ages 1.5 to 12.5 years. Parent-reported shyness was assessed at five time points and maternal- and self-reported social skills and symptoms of anxiety and depression were assessed at age 12.5 years. Piecewise latent growth curve analysis was applied, with outcomes regressed on latent shyness intercept and slope factors. Results showed moderate stability and increasing levels of shyness across time, with more variance and a steeper increase in early as compared to mid-to-late childhood. Both stable shyness and increased shyness in mid-to-late (but not early) childhood predicted poorer social skills and higher levels of anxiety and depression symptoms in early adolescence. The implications of the evidence for two developmental periods in shyness trajectories with differential impact on later socio-emotional functioning are discussed.},
	Author = {Karevold, Evalill and Ystrom, Eivind and Coplan, Robert J. and Sanson, Ann V. and Mathiesen, Kristin S.},
	Date-Added = {2016-05-06 07:39:38 +0000},
	Date-Modified = {2016-05-06 07:39:47 +0000},
	Doi = {10.1007/s10802-012-9635-6},
	Issn = {1573-2835},
	Journal = {Journal of Abnormal Child Psychology},
	Number = {7},
	Pages = {1167--1177},
	Title = {A Prospective Longitudinal Study of Shyness from Infancy to Adolescence: Stability, Age-Related Changes, and Prediction of Socio-Emotional Functioning},
	Url = {http://dx.doi.org/10.1007/s10802-012-9635-6},
	Volume = {40},
	Year = {2012},
	Bdsk-Url-1 = {http://dx.doi.org/10.1007/s10802-012-9635-6}}

@book{Petermann:2015b,
	Address = {G{\"o}ttingen},
	Author = {Petermann, Ulrike},
	Date-Added = {2016-05-06 07:24:46 +0000},
	Date-Modified = {2016-05-06 07:41:00 +0000},
	Edition = {2},
	Editor = {Bierhoff, H.-W. and Frey, D.},
	Publisher = {Hogrefe, im Druck},
	Title = {Soziale Angst, Scham und Sch{\"u}chternheit},
	Volume = {Enzyklop{\"a}die der Psychologie. Bereich Sozialpsychologie. Band 2: SOziale Motive und soziale Einstellungen.},
	Year = {2015}}

@article{Chambless:2001,
	Abstract = {Efforts to increase the practice of evidence-based psychotherapy in the United States have led to the formation of task forces to define, identify, and disseminate information about empirically supported psychological interventions.  The work of several such task forces and other groups reviewing empirically supported treatments ({ESTs}) in the United States, United Kingdom, and elsewhere is summarized here, along with the lists of treatments that have been identified  as {ESTs}. Also reviewed is the controversy surrounding {EST} identification and dissemination, including concerns abou research methodology, external validity, and utility of {EST} research, as well as the reliability and transparency of the {EST} review process.},
	Author = {Chambless, D. L. and Ollendick, T. H.},
	Date = {2001},
	Date-Added = {2016-05-05 07:45:21 +0000},
	Date-Modified = {2016-05-05 07:45:41 +0000},
	Doi = {10.1146/annurev.psych.52.1.685},
	Issn = {0066-4308 0066-4308},
	Journaltitle = {Annu Rev Psychol},
	Keywords = {Humans, Mental Disorders/*therapy, Psychotherapy/*methods/*standards, Research Design, Treatment Outcome},
	Pages = {685--716},
	Pmid = {11148322},
	Title = {Empirically supported psychological interventions: controversies and evidence.},
	Volume = {52},
	Bdsk-Url-1 = {http://dx.doi.org/10.1146/annurev.psych.52.1.685}}

@article{Ortbandt:2009,
	Abstract = { Die vorliegende Studie {\"u}berpr{\"u}ft die Wirksamkeit des multimodalen kognitiv-verhaltenstherapeutisch orientierten „Trainings mit sozial unsicheren Kindern`` (Petermann \& Petermann, 2006) mit einem Pr{\"a}-Post-Kontrollgruppendesign. 19 sozial {\"a}ngstliche Kinder (10 M{\"a}dchen, 9 Jungen) im Alter von sieben bis zw{\"o}lf Jahren wurden einer Interventionsgruppe (n = 10) und einer Wartekontrollgruppe (n = 9) zugeordnet. F{\"u}r die {\"U}berpr{\"u}fung der Wirksamkeit des Trainings wurden neben Angaben der Eltern (Fremdeinsch{\"a}tzung) auch Ausk{\"u}nfte der Kinder (Selbsteinsch{\"a}tzung) herangezogen. Die Datenerhebungen erfolgten unmittelbar vor und nach dem Training. Die Ergebnisse zeigen, dass sich durch das Training die Angstsymptomatik in der Interventionsgruppe im Vergleich zur Wartekontrollgruppe deutlich verringerte. },
	Author = {Christine Ortbandt and Ulrike Petermann},
	Date-Added = {2016-05-05 06:21:42 +0000},
	Date-Modified = {2016-05-05 06:21:54 +0000},
	Doi = {10.1026/0942-5403.18.1.21},
	Eprint = {http://dx.doi.org/10.1026/0942-5403.18.1.21},
	Journal = {Kindheit und Entwicklung},
	Number = {1},
	Pages = {21-29},
	Title = {Effekte des Trainings mit sozial unsicheren Kindern},
	Url = {http://dx.doi.org/10.1026/0942-5403.18.1.21},
	Volume = {18},
	Year = {2009},
	Bdsk-Url-1 = {http://dx.doi.org/10.1026/0942-5403.18.1.21}}

@webpage{KJPDW:2016,
	Date-Added = {2016-05-01 20:25:31 +0000},
	Date-Modified = {2016-05-01 20:27:04 +0000},
	Title = {Kinder- und Jugendpsychiatrischer Dienst Schaffhausen},
	Url = {http://www.spitaeler-sh.ch/kinder-und-jugendpsychiatrie/},
	Year = {2016},
	Bdsk-Url-1 = {http://www.spitaeler-sh.ch/kinder-und-jugendpsychiatrie/}}

@electronic{KJPD:2016,
	Author = {KJPD},
	Date-Added = {2016-05-01 19:25:37 +0000},
	Date-Modified = {2016-05-01 19:32:12 +0000},
	Title = {Gruppentherapie f{\"u}r Kinder: Mehr Sicherheit, Selbstst{\"a}ndigkeit und soziale Kompetenz},
	Url = {http://www.spitaeler-sh.ch/fileadmin/SSH/PDF/kjpd/Kinder_Gruppe.pdf},
	Urldate = {01.05.2016},
	Year = {2016},
	Bdsk-Url-1 = {http://www.spitaeler-sh.ch/fileadmin/SSH/PDF/kjpd/Kinder_Gruppe.pdf}}

@article{Sandstrom:2003,
	Author = {Sandstrom, Marlene J. and Cillessen, Antonius H. N. and Eisenhower, Abbey},
	Date-Added = {2016-05-01 19:03:09 +0000},
	Date-Modified = {2016-05-01 19:03:16 +0000},
	Doi = {10.1111/1467-9507.00247},
	Isbn = {1467-9507},
	Journal = {Social Development},
	Keywords = {rejection sensitivity; peer rejection; appraisal; social adjustment},
	N2 = {In the current study, 95 children of different social status classifications (rejected, neglected, average, and popular) were exposed to hypothetical vignettes designed to assess their `generalized'rejection sensitivity (GRS) and a mild social rejection experience designed to assess their `on-line'rejection sensitivity (ORS). Measures of internalizing and externalizing problems were assessed through a composite of peer- , parent- , and self-reports. As expected, sociometric rejection was associated with more internalizing and externalizing problems. More importantly, both types of rejection sensitivity were associated with internalizing and externalizing problems after controlling for the effect of peer rejection. High levels of GRS were associated with more internalizing problems for both boys and girls. In addition, rejection sensitivity emerged as a significant moderator of the relation between rejection and externalizing problems. The nature of the moderating effect varied as function of type of rejection sensitivity and gender. Rejected girls with low GRS and rejected boys with high ORS displayed the highest levels of externalizing behavior problems.},
	Number = {4},
	Pages = {530--550},
	Publisher = {Blackwell Publishing Ltd.},
	Title = {Children's Appraisal of Peer Rejection Experiences: Impact on Social and Emotional Adjustment},
	Ty = {JOUR},
	Url = {http://dx.doi.org/10.1111/1467-9507.00247},
	Volume = {12},
	Year = {2003},
	Year1 = {2003/11/01},
	Bdsk-Url-1 = {http://dx.doi.org/10.1111/1467-9507.00247}}

@article{Parker:1987,
	Author = {Parker, Jeffrey G. and Asher, Steven R.},
	Date-Added = {2016-05-01 19:00:14 +0000},
	Date-Modified = {2016-05-01 19:00:14 +0000},
	Doi = {10.1037/0033-2909.102.3.357},
	Issn = {1939-1455(Electronic);0033-2909(Print)},
	Journal = {Psychological Bulletin},
	Number = {3},
	Pages = {357-389},
	Title = {Peer relations and later personal adjustment: Are low-accepted children at risk?},
	Type = {Journal Article},
	Volume = {102},
	Year = {1987},
	Bdsk-Url-1 = {http://dx.doi.org/10.1037/0033-2909.102.3.357}}

@inbook{Kupersmidt:1990,
	Address = {Cambridge},
	Annote = {Kupersmidt, J. B., Coie, J. D., & Dodge, K. A. (1990). The role of poor relationships in the development of disorder. In S. R. Asher & J. D. Coie (Eds.), Peer rejection in childhood (pp. 274--308). Cambridge: Cambridge University Press.},
	Author = {Kupersmidt, J. B. and Coie, J. D. and Dodge, K. A.},
	Date-Added = {2016-05-01 18:52:17 +0000},
	Date-Modified = {2016-05-01 18:57:15 +0000},
	Editor = {S. R. Asher and J. D. Coie},
	Pages = {274---308},
	Publisher = {Cambridge University Press},
	Title = {The role of poor relationships in the development of disorder},
	Volume = {Peer rejection in childhood},
	Year = {1990}}

@article{Yeates:1989,
	Abstract = {The promotion of social problem-solving skills in school-age children has been only partially successful in improving their social adjustment. The design and evaluation of training programs has been hindered by the inadequacies of most current models of social competence and its relation to social cognition. In this paper, we delineate the necessary components of a coherent model and review the shortcomings of previous approaches. We then describe a model of the development of a specific form of social competence---namely, interpersonal negotiation strategies (INS)---and its social-cognitive underpinnings. The INS model embodies several conceptual advances compared to previous models linking social cognition to social behavior: It integrates functional (information-processing) and structural (cognitive-developmental) approaches, specifies a linkage between social cognition and action within a particular domain of social interaction, and provides for developmental, individual, and contextual variations in the expression of behavior in that domain. The implications of the INS model for social problem-solving training in the schools are reviewed, together with an example of the implementation of the model in a specific educational context. The INS model may help provide a more coherent basis for the school-based delivery of developmentally appropriate interventions designed to foster children's social skills.},
	Author = {Yeates, Keith Owen and Selman, Robert L},
	Da = {1989/03/01},
	Date-Added = {2016-05-01 18:47:25 +0000},
	Date-Modified = {2016-05-01 18:47:25 +0000},
	Doi = {http://dx.doi.org/10.1016/0273-2297(89)90024-5},
	Isbn = {0273-2297},
	Journal = {Developmental Review},
	Number = {1},
	Pages = {64--100},
	Title = {Social competence in the schools: Toward an integrative developmental model for intervention},
	Ty = {JOUR},
	Url = {http://www.sciencedirect.com/science/article/pii/0273229789900245},
	Volume = {9},
	Year = {1989},
	Bdsk-Url-1 = {http://www.sciencedirect.com/science/article/pii/0273229789900245},
	Bdsk-Url-2 = {http://dx.doi.org/10.1016/0273-2297(89)90024-5}}

@article{Tsiantis:1994,
	Abstract = {This study investigated psychological problems of 466 Greek and 790 German non-referred, non-migrant children aged 6--11 years using the Child Behavior Checklist. Comparisons between the two countries on the total behaviour problem scores, the total number of positive codings, the externalizing and internalizing scales and the social competence scales revealed a number of cultural differences. Greek children displayed consistently higher problem scores and lower scores on social and activities competence scores than the German children with the one exception of school competence. These results are discussed in relation to different intercultural attitudes, meanings and expectations of parents on their children.},
	Author = {Tsiantis, J. and Motti-Stefanidi, F. and Richardson, C. and Schmeck, K. and Poustka, F.},
	Date-Added = {2016-05-01 18:45:12 +0000},
	Date-Modified = {2016-05-01 18:45:12 +0000},
	Doi = {10.1007/BF01978110},
	Issn = {1435-165X},
	Journal = {European Child \& Adolescent Psychiatry},
	Number = {4},
	Pages = {209--219},
	Title = {Psychological problems of school-age German and Greek children: A cross-cultural study},
	Url = {http://dx.doi.org/10.1007/BF01978110},
	Volume = {3},
	Year = {1994},
	Bdsk-Url-1 = {http://dx.doi.org/10.1007/BF01978110}}

@article{Newcomb:1993,
	Abstract = {Two-dimensional sociometric models have had a critical role in the investigation of children's peer relations in the past decade. In a meta-analysis, fitting categorical models (L. V. Hedges, 1982), sociometric group differences on behavioral and information source typologies were assessed. The broadband behavioral analysis showed that popular children's array of competencies makes them likely recipients of positive peer nominations, whereas high levels of aggression and withdrawal and low levels of sociability and cognitive abilities are associated with rejected peer status. A consistent profile marked by less sociability and aggression emerged for neglected status. Controversial children had higher aggressive behavior than rejected children but compensated for it with significantly better cognitive and social abilities. The moderator effects of narrow-band behavioral categories and information source were also examined. (PsycINFO Database Record (c) 2012 APA, all rights reserved)},
	Author = {Newcomb, Andrew F. and Bukowski, William M. and Pattee, Linda},
	Booktitle = {Psychological Bulletin},
	Date-Added = {2016-05-01 18:42:58 +0000},
	Date-Modified = {2016-05-01 18:43:17 +0000},
	Doi = {10.1037/0033-2909.113.1.99},
	Id = {6},
	Isbn = {1939-1455(Electronic);0033-2909(Print)},
	Keywords = {*Cognitive Ability *Meta Analysis *Peer Relations *Personality Traits *Sociometry Aggressiveness Sociability Withdrawal (Defense Mechanism)},
	Number = {1},
	Pages = {99-128},
	St = {Children's peer relations: A meta-analytic review of popular, rejected, neglected, controversial, and average sociometric status},
	Title = {Children's peer relations: A meta-analytic review of popular, rejected, neglected, controversial, and average sociometric status},
	Ty = {JOUR},
	Volume = {113},
	Year = {1993},
	Bdsk-Url-1 = {http://dx.doi.org/10.1037/0033-2909.113.1.99}}

@article{Laosa:1989,
	Author = {Laosa, Luis M.},
	Date-Added = {2016-05-01 18:39:38 +0000},
	Date-Modified = {2016-05-01 18:39:50 +0000},
	Doi = {10.1016/0193-3973(89)90021-X},
	Issn = {0193-3973(Print)},
	Journal = {Journal of Applied Developmental Psychology},
	Number = {4},
	Pages = {447-468},
	Title = {Social competence in childhood: Toward a developmental, socioculturally relativistic paradigm},
	Type = {Journal Article},
	Volume = {10},
	Year = {1989},
	Bdsk-Url-1 = {http://dx.doi.org/10.1016/0193-3973(89)90021-X}}

@article{Howes:1987,
	Abstract = {A model is proposed that describes a developmental sequence from infancy to childhood in social competence with peers. The model is an attempt to integrate primarily descriptive research into a conceptual framework. Marker behaviors of social competence with peers for four stages are identified. The stages are assumed to represent an invariant sequence. Individual differences in social competency with peers within each stage are assumed to remain stable across stages. Research that supports the model and research necessary to verify the model are described in the article.},
	Author = {Howes, Carollee},
	Da = {1987/09/01},
	Date-Added = {2016-05-01 18:31:30 +0000},
	Date-Modified = {2016-05-01 18:31:36 +0000},
	Doi = {http://dx.doi.org/10.1016/0273-2297(87)90014-1},
	Isbn = {0273-2297},
	Journal = {Developmental Review},
	Number = {3},
	Pages = {252--272},
	Title = {Social competence with peers in young children: Developmental sequences},
	Ty = {JOUR},
	Url = {http://www.sciencedirect.com/science/article/pii/0273229787900141},
	Volume = {7},
	Year = {1987},
	Bdsk-Url-1 = {http://www.sciencedirect.com/science/article/pii/0273229787900141},
	Bdsk-Url-2 = {http://dx.doi.org/10.1016/0273-2297(87)90014-1}}

@article{Gest:2001,
	Author = {Gest, Scott D. and Graham-Bermann, Sandra A. and Hartup, Willard W.},
	Date-Added = {2016-05-01 18:29:42 +0000},
	Date-Modified = {2016-05-01 18:29:55 +0000},
	Doi = {10.1111/1467-9507.00146},
	Isbn = {1467-9507},
	Journal = {Social Development},
	Keywords = {Peer relations; Friendship; Social Networks; Sociometrics},
	N2 = {Three conceptually distinct dimensions of classroom social position (number of mutual friendships, social network centrality, and sociometric status) were examined in relation to each other and to peer-nominated behavioral reputation among 205 7- and 8-year old children. There were moderate correlations in children's standing across the three dimensions, but categorical analyses underscored the limits to these associations (e.g., 39{\%} of Rejected children had at least one mutual friendship; 31{\%} of Popular children did not). Each dimension was associated with a distinct profile of peer-nominated social behavior and, in multiple regression analyses, accounted for unique variance in peer-nominated behaviors. Number of friendships was uniquely associated with prosocial skills; network centrality was uniquely associated with both prosocial and antisocial behavioral styles; and being disliked was uniquely associated with the full range of social behaviors. Results provide empirical validation for the conceptual distinctions among number of reciprocated friendships, social network centrality and being liked or disliked.},
	Number = {1},
	Pages = {23--40},
	Publisher = {Blackwell Publishers Ltd.},
	Title = {Peer Experience: Common and Unique Features of Number of Friendships, Social Network Centrality, and Sociometric Status},
	Ty = {JOUR},
	Url = {http://dx.doi.org/10.1111/1467-9507.00146},
	Volume = {10},
	Year = {2001},
	Year1 = {2001/02/01},
	Bdsk-Url-1 = {http://dx.doi.org/10.1111/1467-9507.00146}}

@book{Petermann:2015,
	Address = {Weinheim},
	Author = {Petermann, Ulrike and Petermann, Franz and Laakmann, Mirjam},
	Date-Modified = {2016-05-06 07:31:23 +0000},
	Edition = {11., ¸berarbeitete und erweiterte Auflage},
	Keywords = {Angststˆrung; Gruppentherapie; Individualtherapie; Unsicherheit; Verhaltenstraining; Kind; Selbstsicherheitstraining; Kinderpsychologie; Sozialverhalten; Verhaltenstherapie},
	Pages = {329},
	Publisher = {Weinheim: Beltz},
	Series = {Materialien f\{\"u}r die klinische Praxis},
	Title = {Training mit sozial unsicheren Kindern : Behandlung von sozialer Angst, Trennungsangst und generalisierter Angst : mit Arbeitsmaterial},
	Year = {2015}}

@article{Petermann:1989,
	Abstract = {The article reports about social incompetent children in the age from seven to fourteen years. Social incompetence is assumed to be the leading symptom of such children which is linked to problems in school, concentration disorders, physical restlessness and inferiority feelings. There are no explicit theories about the connections or the reciprocity of occasions between the symptoms which were demonstrated in a comparison between 16 for a therapy announced children. The ``Training mit sozial unsicheren Kindern'' by Ulrike and Franz Petermann (1989) was practised and effects were tested in a group of three children over a short and over a long period. The results were stable effects about over two years (measured by behavior assessment and reports of the parents), furthermore there was an improvement in other behavior disorders or in coping with these difficulties. The ``Training mit sozial unsicheren Kindern'' changes effectively behavior disorders of children with multiple symptoms over a long period of time.},
	Author = {Petermann, F and Walter, H J},
	Journal = {Praxis der Kinderpsychologie und Kinderpsychiatrie},
	Number = {4},
	Pages = {118-125},
	Title = {[Analysis of the effect of behavior training with socially insecure, multi-handicapped children]},
	Volume = {38},
	Year = {1989}}

@article{Mouratidou:2007,
	Author = {Mouratidou, Katerina and Barkoukis, Vassilis and Zahariadis, Panayotis and Arampatzi, Athina},
	Journal = {Soc Psychol Educ},
	Number = {4},
	Pages = {495-508},
	Title = {Evaluation of students' social ability: Greek version of checklists for aggressive behaviour and social insecurity in elementary education},
	Volume = {10},
	Year = {2007}}

@phdthesis{Gehrig:2014,
	Address = {S.l.},
	Author = {Gehrig, Marlene},
	Keywords = {Diplomarbeiten HFH},
	Pages = {Online-Datei, 1 CD},
	School = {[S.l.] : [s.n.]},
	Title = {Soziale Unsicherheit und Rollenspiel : Ein Theaterkonzept f¸r sozial unsichere Kinder im Rahmen der Psychomotoriktherapie},
	Year = {2014}}

@book{Casey:2001,
	Address = {San Francisco},
	Author = {Casey, R. J.},
	Date-Modified = {2016-05-06 07:33:14 +0000},
	Editor = {Suzuki, Lisa A. and Ponterotto, Joseph G. and Meller, Paul J.},
	Pages = {383--404},
	Publisher = {Jossey-Bass},
	Title = {Social and emotional assessment},
	Volume = {Handbook of multicultural assessment: Clinical psychological, and educational applications},
	Year = {2001}}
